@PREAMBLE{
 "\providecommand{\noopsort}[1]{}" 
 # "\providecommand{\singleletter}[1]{#1}%" 
}

@misc{jackson1999classical,
  title={Classical electrodynamics},
  author={Jackson, John David},
  year={1999},
  publisher={AAPT}
}
@article{reitzfundamentos,
  title={Fundamentos da Teoria Eletromagn{\'e}tica, 1982},
  author={Reitz, JR and Milford, FJ and Christy, RW},
  journal={Campus.(dispon{\'\i}vel tamb{\'e}m em ingl{\^e}s e espanhol)}
}
@misc{efieldcalc,
  author = {NCEI},
  title = {{Magnetic Field Calculators}},
  howpublished = "\url{https://www.ngdc.noaa.gov/geomag/calculators/magcalc.shtml}",
  year = {2019}, 
  note = "[Online; Acessado em 29/10/19]"
}
@misc{bobinas,
  author = {Phywe Systeme},
  title = {{Pair of Helmholtz coils}},
  howpublished = "\url{https://repository.curriculab.net/files/bedanl.pdf/06959.00/0695900e.pdf}",
  year = {2017}, 
  note = "[Online; Acessado em 13/10/19]"
}
@misc{fonteuniversal,
  author = {Phywe Systeme},
  title = {{Power Supply, Universal}},
  howpublished = "\url{http://www.phywe-es.com/index.php/fuseaction/download/lrn_file/bedanl.pdf/13500.93/e/1350093e.pdf}",
  year = {2017}, 
  note = "[Online; Acessado em 13/10/19]"
}
@misc{teslameter,
  author = {Phywe Systeme},
  title = {{Teslameter, digital, Hall probe, axial Hall probe, tangential
}},
  year = {2017}
}
@misc{fonteuniversalvar,
  author = {Phywe Systeme},
  title = {{Power Supply Var}},
  howpublished = "\url{http://www.phywe-es.com/index.php/fuseaction/download/lrn_file/bedanl.pdf/13530.93/s/1353093s.pdf}",
  year = {2017}, 
  note = "[Online; Acessado em 13/10/19]"
}
@misc{multimetro,
  title = {{MULT√çMETRO DE BANCADA DIGITAL MDM-8045A}},
  howpublished = "\url{http://professor.ufabc.edu.br/~jose.azcue/Circuitos \% 20Eletricos \% 201/Multimetro_MDM_8045A.pdf}"
}

@misc{reostato,
  title = {{REOSTATO, 100 OHMS, 1,8A}},
  howpublished = "\url{http://www.phywe-es.com/1005/pid/1948/REOSTATO,-100-OHMS,-1,8A.htm}"
}
@misc{earthmagfield,
    title = {{Earth's Magnetic Field}},
    howpublished =
    "\url{https://www.nikhef.nl/~h73/kn1c/praktikum/phywe/LEP/Experim/4_3_01.pdf}"
}

@misc{torquemag,
  author = {Philip Schatz},
  title = {{Torque on a Current Loop: Motors and Meters}},
  howpublished = "\url{https://philschatz.com/physics-book/contents/m42380.html}"
}

http://www.phywe-es.com/1005/pid/1948/REOSTATO,-100-OHMS,-1,8A.htm